<?xml version="1.0" encoding="UTF-8"?><collection xmlns="http://www.loc.gov/MARC21/slim"><record><leader>00412nam--2200109-i-4500</leader><controlfield tag="001">000037535</controlfield><controlfield tag="002">20161230</controlfield><controlfield tag="005">20161230201041</controlfield><controlfield tag="008">060222s1000------------r-----000-0-eng-d</controlfield><datafield ind1=" " ind2=" " tag="245"><subfield code="a">Quellensammlung zur hydrographie und meteorologie. band.1: quellenteste zur witterungsgeschichte europas von der zeitwende bis zum jahre 1850. hydrographie. teil13. (1601-1700)</subfield></datafield><datafield ind1=" " ind2=" " tag="260"><subfield code="a">Berlin, Acad.Verlag, 1961, 586p</subfield></datafield><datafield ind1=" " ind2=" " tag="852"><subfield code="a">47715</subfield></datafield></record></collection>